@article{cao2024computational,
  title={Fourier Neural Operator for surrogate modeling of floating structure responses under irregular wave excitation},
  author={Cao, Q. and others},
  journal={Computers \& Structures},
  volume={291},
  pages={107228},
  year={2024},
  doi={10.1016/j.compstruc.2023.107228}
}

@article{liu2024computational,
  title={Hierarchical attention Fourier Neural Operator for capturing high-frequency responses in nonlinear dynamical systems},
  author={Liu, X. and others},
  journal={Journal of Computational Physics},
  volume={506},
  pages={112944},
  year={2024},
  doi={10.1016/j.jcp.2024.112944}
}

@misc{chakraborty2025binned,
  title={Improved neural operator predictions of chaotic dynamics using Binned Spectral Power loss},
  author={Chakraborty, D. and others},
  year={2025},
  eprint={2502.00472},
  archivePrefix={arXiv},
  primaryClass={cs.LG},
  doi={10.48550/arXiv.2502.00472}
}

@article{qu2024engineering,
  title={Joint time-frequency domain training for improved prediction of structural responses},
  author={Qu, G. and others},
  journal={Engineering Structures},
  volume={321},
  pages={119001},
  year={2024},
  doi={10.1016/j.engstruct.2024.119001}
}

@online{kovachkiNeuralOperatorLearning2024,
  title = {Neural {{Operator}}: {{Learning Maps Between Function Spaces}}},
  shorttitle = {Neural {{Operator}}},
  author = {Kovachki, Nikola and Li, Zongyi and Liu, Burigede and Azizzadenesheli, Kamyar and Bhattacharya, Kaushik and Stuart, Andrew and Anandkumar, Anima},
  date = {2024-05-02},
  eprint = {2108.08481},
  eprinttype = {arXiv},
  eprintclass = {cs},
  doi = {10.5555/3648699.3648788},
  pubstate = {prepublished},
  keywords = {Computer Science - Machine Learning,Computer Science - Numerical Analysis,Mathematics - Numerical Analysis}}

@article{rahmanSparsifiedTimedependentFourier2024,
  title = {Sparsified Time-Dependent {{Fourier}} Neural Operators for Fusion Simulations},
  author = {Rahman, Mustafa Mutiur and Bai, Zhe and King, Jacob Robert and Sovinec, Carl R. and Wei, Xishuo and Williams, Samuel and Liu, Yang},
  date = {2024-12-01},
  journaltitle = {Physics of Plasmas},
  volume = {31},
  number = {12},
  pages = {123902},
  issn = {1070-664X},
  doi = {10.1063/5.0232503}
}

@article{iiModelParallelFourierNeural2023,
  title = {Model-{{Parallel Fourier Neural Operators}} as {{Learned Surrogates}} for {{Large-Scale Parametric PDEs}}},
  author = {II, Thomas J. Grady and Khan, Rishi and Louboutin, Mathias and Yin, Ziyi and Witte, Philipp A. and Chandra, Ranveer and Hewett, Russell J. and Herrmann, Felix J.},
  date = {2023-09},
  journaltitle = {Computers \& Geosciences},
  shortjournal = {Computers \& Geosciences},
  volume = {178},
  eprint = {2204.01205},
  eprinttype = {arXiv},
  eprintclass = {cs},
  pages = {105402},
  issn = {00983004},
  doi = {10.1016/j.cageo.2023.105402}
}

@inproceedings{li2021,
  author       = {Li, Zongyi and Kovachki, Nikola B. and Azizzadenesheli, Kamyar and 
                  Liu, Burigede and Bhattacharya, Kaushik and Stuart, Andrew M. and 
                  Anandkumar, Anima},
  title        = {Fourier Neural Operator for Parametric Partial Differential Equations},
  booktitle    = {Proceedings of the 9th International Conference on Learning Representations (ICLR 2021)},
  year         = {2021}
}

@article{cao2024,
  author       = {Cao, Qianying and Goswami, Somdatta and Tripura, Tapas and Chakraborty, Souvik and Karniadakis, George Em},
  title        = {Deep neural operators can predict the real-time response of floating offshore structures under irregular waves},
  journal      = {Computers \& Structures},
  volume       = {291},
  pages        = {107228},
  year         = {2024},
  doi          = {10.1016/j.compstruc.2023.107228}
}

@article{chakraborty2025,
  author       = {Chakraborty, Dibyajyoti and Mohan, Arvind T. and Maulik, Romit},
  title        = {Binned Spectral Power Loss for Improved Prediction of Chaotic Systems},
  journal      = {arXiv preprint arXiv:2502.00472},
  year         = {2025}
}

