@article{cao2024computational,
  author = {Cao, Q. and et al.},
  journal = {Comput. Struct.},
  volume = {291},
  pages = {107228},
  year = {2024},
  doi = {10.1016/j.compstruc.2023.107228}
}

@article{liu2024computational,
  author = {Liu, X. and et al.},
  journal = {J. Comput. Phys.},
  volume = {506},
  pages = {112944},
  year = {2024},
  doi = {10.1016/j.jcp.2024.112944}
}

@misc{chakraborty2025binned,
  author = {Chakraborty, D. and et al.},
  journal = {arXiv:2502.00472},
  year = {2025},
  doi = {10.48550/arXiv.2502.00472}
}

@article{qu2024engineering,
  author = {Qu, G. and et al.},
  journal = {Eng. Struct.},
  volume = {321},
  pages = {119001},
  year = {2024},
  doi = {10.1016/j.engstruct.2024.119001}
}

@online{kovachkiNeuralOperatorLearning2024,
  author = {Kovachki, N. and et al.},
  journal = {arXiv:2108.08481},
  year = {2024},
  doi = {10.5555/3648699.3648788}
}

@article{rahmanSparsifiedTimedependentFourier2024,
  author = {Rahman, M. M. and et al.},
  journal = {Phys. Plasmas},
  volume = {31},
  number = {12},
  pages = {123902},
  year = {2024},
  doi = {10.1063/5.0232503}
}

@article{iiModelParallelFourierNeural2023,
  author = {Grady II, T. J. and et al.},
  journal = {Comput. Geosci.},
  volume = {178},
  pages = {105402},
  year = {2023},
  doi = {10.1016/j.cageo.2023.105402}
}

@inproceedings{li2021,
  author = {Li, Z. and et al.},
  booktitle = {Proc. ICLR},
  year = {2021}
}

@article{cao2024,
  author = {Cao, Q. and et al.},
  journal = {Comput. Struct.},
  volume = {291},
  pages = {107228},
  year = {2024},
  doi = {10.1016/j.compstruc.2023.107228}
}

@article{chakraborty2025,
  author = {Chakraborty, D. and et al.},
  journal = {arXiv:2502.00472},
  year = {2025}
}

@article{sobolDistributionPointsCube1967,
  author = {Sobol', Il'ya Meerovich},
  year = {1967},
  journal = {Zhurnal Vychislitel'noi Matematiki i Matematicheskoi Fiziki},
  volume = {7},
  number = {4},
  }

@article{Pedersen2024,
author = "Mads Greve Pedersen and Jennifer Rinker and Jan Becker HÃ¸gsberg and Isaac Farreras Alcover",
year = "2024",
month = "4",
doi = "10.11583/DTU.24460090.v1"
}